@phdthesis{Yeh,
  author = {D.T. Yeh}, 
  title  = {Digital Implementation of Musical Distortion Circuits by Analysis and Simulation},
  school = {Stanford Univeristy},
  year   = 2009,
  month  = 06
}

@phdthesis{Germain,
    author = {Francois Germain},
    title = {Non-oversampled physical modeling for virtual analog simulations},
    school = {Stanford University},
    year = {2019},
    url = {https://searchworks.stanford.edu/view/13250111}
}

@article{Kingma2015AdamAM,
  title={Adam: A Method for Stochastic Optimization},
  author={Diederik P. Kingma and Jimmy Ba},
  journal={CoRR},
  year={2015},
  volume={abs/1412.6980}
}

@inproceedings{engel2020ddsp,
  title={DDSP: Differentiable Digital Signal Processing},
  author={Jesse Engel and Lamtharn (Hanoi) Hantrakul and Chenjie Gu and Adam Roberts},
  booktitle={International Conference on Learning Representations},
  year={2020},
  url={https://openreview.net/forum?id=B1x1ma4tDr}
}

@misc{chollet2015keras,
  title={Keras},
  author={Chollet, Fran\c{c}ois and others},
  year={2015},
  publisher={GitHub},
  howpublished={\url{https://github.com/fchollet/keras}},
}

@article{Finnegan,
  author = {West Warren},
  title = {Builder {P}rofile: Klon's {B}ill {F}innegan},
  date = {2014-01-21},
  journal = {Premier Guitar},
  url = {https://www.premierguitar.com/articles/20210-builder-profile-klons-bill-finnegan}
}

@article{electrosmash,
  author = {},
  title = {Klon Centaur Analysis},
  journal = {ElectroSmash},
  url = {https://www.electrosmash.com/klon-centaur-analysis}
}

@ARTICLE{MartinezReissDNN,
       author = {{Mart{\'\i}nez Ramirez}, Marco A. and {Reiss}, Joshua D.},
        title = "{Modeling of nonlinear audio effects with end-to-end deep neural networks}",
      journal = {arXiv e-prints},
     keywords = {Electrical Engineering and Systems Science - Audio and Speech Processing, Computer Science - Machine Learning, Computer Science - Sound, Electrical Engineering and Systems Science - Signal Processing},
         year = 2018,
        month = oct,
          eid = {arXiv:1810.06603},
        pages = {arXiv:1810.06603},
archivePrefix = {arXiv},
       eprint = {1810.06603},
 primaryClass = {eess.AS},
       adsurl = {https://ui.adsabs.harvard.edu/abs/2018arXiv181006603M},
      adsnote = {Provided by the SAO/NASA Astrophysics Data System}
}

@misc{chowdhury:complexNL:2020,
  howpublished = {\url{https://ccrma.stanford.edu/~jatin/papers/Complex_NLs.pdf}},
  month = { Feb },
  year = { 2020 },
  title = { Complex Nonlinearities for Audio Signal Processing },
  author = { Jatin Chowdhury },
}

@inproceedings{Michon2019RealTA,
  title={Real Time Audio Digital Signal Processing With Faust and the Teensy},
  author={Romain Michon and Yann Orlarey and St{\'e}phane Letz and Dominique Fober},
  booktitle = {Proc. of the 16th Sound and Music Computing Conference},
  year={2019}
}

@article{PortHamiltonian,
  author = {Falaize, Antoine and Helie, Thomas},
  year = {2016},
  month = {09},
  pages = {273},
  title = {Passive Guaranteed Simulation of Analog Audio Circuits: A Port-Hamiltonian Approach},
  volume = {6(10)},
  journal = {Applied Sciences},
  doi = {10.3390/app6100273}
}

@ARTICLE{Fettweis,
    author={A. {Fettweis}},
    journal={Proceedings of the IEEE},
    title={Wave digital filters: Theory and practice},
    year={1986},
    volume={74},
    number={2},
    pages={270-327},
    keywords={Digital filters;Circuits;Microwave filters;Filtering theory;Dynamic range;Books;Lattices;Stability;Stress;Signal design},
    doi={10.1109/PROC.1986.13458},
    ISSN={1558-2256},
    month={Feb}
}

@phdthesis{KurtThesis,
  author = {Kurt James Werner}, 
  title  = {Virtual Analog Modeling of Audio Circuitry Using Wave Digital Filters},
  school = {Stanford Univeristy},
  year   = 2016,
  month  = 06
}

@inproceedings{StateSpace,
  author = {Holters, Martin and Zolzer, Udo},
  year = {2015},
  month = {09},
  pages = {},
  title = {A Generalized Method for the Derivation of Non-Linear State-Space Models from Circuit Schematics},
  doi = {10.1109/EUSIPCO.2015.7362548}
}

@BOOK{sasp,
	AUTHOR = "Julius O. Smith",
	TITLE = "Spectral Audio Signal Processing",
	PUBLISHER = "\htmladdnormallink{\texttt{http:}}{http://ccrma.stanford.edu/~jos/sasp/}\texttt{//\-ccrma.stanford.edu/\-\~{}jos/\-sasp/}",
	YEAR = "accessed 2020-5-22",
        NOTE = "online book, 2011 edition"
}

@BOOK{pasp,
	AUTHOR = "Julius O. Smith",
	TITLE = "Physical Audio Signal Processing",
	PUBLISHER = "\htmladdnormallink{\texttt{http:}}{http://ccrma.stanford.edu/~jos/pasp/}\texttt{//\-ccrma.stanford.edu/\-\~{}jos/\-pasp/}",
	YEAR = "accessed 2020-5-22",
        NOTE = "online book, 2010 edition"
}

@ARTICLE{MNA,
    author={ {Chung-Wen Ho} and A. {Ruehli} and P. {Brennan}},
    journal={IEEE Transactions on Circuits and Systems},
    title={The modified nodal approach to network analysis},
    year={1975},
    volume={22},
    number={6},
    pages={504-509}
}

@BOOK{Maby,
    author = {Edward W. Maby},
    title = {Solid State Electronics},
    url = {\url{http://ee-classes.usc.edu/ee348/Maby-SSEC.pdf}}
}

@inproceedings{NLML,
    AUTHOR = {Parker, Julian D. and Esqueda, Fabian and Bergner, Andre},
    TITLE = {Modelling of Nonlinear State-Space Systems Using a Deep Neural Network},
    year = {2019},
    booktitle = {Proc. of the 22nd Int. Conference on Digital Audio Effects}
}

@inproceedings{WaveNetVA,
    AUTHOR = {Damskagg, Eero-Pekka and Juvela, Lauri and Valimaki, Vesa},
    TITLE = {Real-Time Modeling of Audio Distortion Circuits with Deep Learning},
    year = {2019},
    booktitle = {Proc. of the 16th Sound and Music Computing Conference}
}

@inproceedings{VArnn,
  author = {Wright, Alec and Damskagg, Eero-Pekka and Valimaki, Vesa},
  title = {Real-Time Black-Box Modelling with Recurrent Neural Networks},
  year = {2019},
    booktitle = {Proc. of the 22nd Int. Conference on Digital Audio Effects}
}

@article{gru_original,
  author    = {Kyunghyun Cho and
               Bart van Merrienboer and
               {\c{C}}aglar G{\"{u}}l{\c{c}}ehre and
               Fethi Bougares and
               Holger Schwenk and
               Yoshua Bengio},
  title     = {Learning Phrase Representations using {RNN} Encoder-Decoder for Statistical
               Machine Translation},
  journal   = {CoRR},
  volume    = {abs/1406.1078},
  year      = {2014},
  url       = {http://arxiv.org/abs/1406.1078},
  archivePrefix = {arXiv},
  eprint    = {1406.1078},
  timestamp = {Mon, 13 Aug 2018 16:46:44 +0200},
  biburl    = {https://dblp.org/rec/journals/corr/ChoMGBSB14.bib},
  bibsource = {dblp computer science bibliography, https://dblp.org}
}
